@article{krizhevsky2009learning,
  title={Learning multiple layers of features from tiny images},
  author={Krizhevsky, Alex and Hinton, Geoffrey},
  journal={Computer Science Department, University of Toronto, Tech. Rep},
  volume={1},
  number={4},
  pages={7},
  year={2009},
  publisher={Citeseer}
}

@article{hinton2012improving,
  title={Improving neural networks by preventing co-adaptation of feature detectors},
  author={Hinton, Geoffrey E and Srivastava, Nitish and Krizhevsky, Alex and Sutskever, Ilya and Salakhutdinov, Ruslan R},
  journal={arXiv preprint arXiv:1207.0580},
  year={2012}
}

@article{fukushima1980neocognitron,
  title={Neocognitron: A self-organizing neural network model for a mechanism of pattern recognition unaffected by shift in position},
  author={Fukushima, Kunihiko},
  journal={Biological cybernetics},
  volume={36},
  number={4},
  pages={193--202},
  year={1980},
  publisher={Springer}
}

@article{lecun1998gradient,
  title={Gradient-based learning applied to document recognition},
  author={LeCun, Yann and Bottou, L{\'e}on and Bengio, Yoshua and Haffner, Patrick},
  journal={Proceedings of the IEEE},
  volume={86},
  number={11},
  pages={2278--2324},
  year={1998},
  publisher={IEEE}
}

@inproceedings{krizhevsky2012imagenet,
  title={Imagenet classification with deep convolutional neural networks},
  author={Krizhevsky, Alex and Sutskever, Ilya and Hinton, Geoffrey E},
  booktitle={Advances in neural information processing systems},
  pages={1097--1105},
  year={2012}
}

@book{Li:2014:VSC:2675630,
 author = {Li, Jia and Gao, Wen},
 title = {Visual Saliency Computation: A Machine Learning Perspective},
 year = {2014},
 isbn = {3319056417, 9783319056418},
 publisher = {Springer Publishing Company, Incorporated},
 chapter   = {Introduction},
 pages = {1-3}
} 

@article{itti1998model,
  title={A model of saliency-based visual attention for rapid scene analysis},
  author={Itti, Laurent and Koch, Christof and Niebur, Ernst},
  journal={IEEE Transactions on pattern analysis and machine intelligence},
  volume={20},
  number={11},
  pages={1254--1259},
  year={1998},
  publisher={IEEE Computer Society}
}

@inproceedings{guo2008spatio,
  title={Spatio-temporal saliency detection using phase spectrum of quaternion fourier transform},
  author={Guo, Chenlei and Ma, Qi and Zhang, Liming},
  booktitle={Computer vision and pattern recognition, 2008. cvpr 2008. ieee conference on},
  pages={1--8},
  year={2008},
  organization={IEEE}
}

@inproceedings{hou2007saliency,
  title={Saliency detection: A spectral residual approach},
  author={Hou, Xiaodi and Zhang, Liqing},
  booktitle={Computer Vision and Pattern Recognition, 2007. CVPR'07. IEEE Conference on},
  pages={1--8},
  year={2007},
  organization={IEEE}
}
@article{hinton2012improving,
  title={Improving neural networks by preventing co-adaptation of feature detectors},
  author={Hinton, Geoffrey E and Srivastava, Nitish and Krizhevsky, Alex and Sutskever, Ilya and Salakhutdinov, Ruslan R},
  journal={arXiv preprint arXiv:1207.0580},
  year={2012}
}

@inproceedings{cheng2011global,
  title={Global contrast based salient region detection},
  author={Cheng, Ming-Ming and Zhang, Guo-Xin and Mitra, Niloy J and Huang, Xiaolei and Hu, Shi-Min},
  booktitle={Computer Vision and Pattern Recognition (CVPR), 2011 IEEE Conference on},
  pages={409--416},
  year={2011},
  organization={IEEE}
}

@inproceedings{yan2013hierarchical,
  title={Hierarchical saliency detection},
  author={Yan, Qiong and Xu, Li and Shi, Jianping and Jia, Jiaya},
  booktitle={Computer Vision and Pattern Recognition (CVPR), 2013 IEEE Conference on},
  pages={1155--1162},
  year={2013},
  organization={IEEE}
}

@misc{cnnref,
  title = {Convolutional Neural Networks},
  howpublished = {\url{http://cs231n.github.io/convolutional-networks/}},
  author={Stanford-CS231N},
  note = {Accessed: 2015-03-20}
}

@inproceedings{achanta2009frequency,
  title={Frequency-tuned salient region detection},
  author={Achanta, Radhakrishna and Hemami, Sheila and Estrada, Francisco and Susstrunk, Sabine},
  booktitle={Computer vision and pattern recognition, 2009. cvpr 2009. ieee conference on},
  pages={1597--1604},
  year={2009},
  organization={IEEE}
}

@inproceedings{zhai2006visual,
  title={Visual attention detection in video sequences using spatiotemporal cues},
  author={Zhai, Yun and Shah, Mubarak},
  booktitle={Proceedings of the 14th annual ACM international conference on Multimedia},
  pages={815--824},
  year={2006},
  organization={ACM}
}

@article{lee2014deeply,
  title={Deeply-supervised nets},
  author={Lee, Chen-Yu and Xie, Saining and Gallagher, Patrick and Zhang, Zhengyou and Tu, Zhuowen},
  journal={arXiv preprint arXiv:1409.5185},
  year={2014}
}

@article{DBLP:journals/corr/LinCY13,
  author    = {Min Lin and
               Qiang Chen and
               Shuicheng Yan},
  title     = {Network In Network},
  journal   = {CoRR},
  volume    = {abs/1312.4400},
  year      = {2013},
  url       = {http://arxiv.org/abs/1312.4400},
  timestamp = {Mon, 06 Jan 2014 15:10:41 +0100},
  biburl    = {http://dblp.uni-trier.de/rec/bib/journals/corr/LinCY13},
  bibsource = {dblp computer science bibliography, http://dblp.org}
}


%---
